<?xml version="1.0" encoding="UTF-8"?>
<collection xmlns:xsi="http://www.w3.org/2001/XMLSchema-instance" xsi:schemaLocation="http://www.loc.gov/MARC21/slim http://www.loc.gov/standards/marcxml/schema/MARC21slim.xsd" xmlns="http://www.loc.gov/MARC21/slim">
<record>
  <leader>00863cam a2200241   4500</leader>
  <controlfield tag="001">2980346</controlfield>
  <controlfield tag="003">NNC</controlfield>
  <controlfield tag="005">20130426004920.0</controlfield>
  <controlfield tag="008">890803s1911    ua            000 0 ara d</controlfield>
  <datafield tag="035" ind1=" " ind2=" ">
    <subfield code="a">(OCoLC)ocm20121073</subfield>
  </datafield>
  <datafield tag="035" ind1=" " ind2=" ">
    <subfield code="9">ASM7432CU</subfield>
  </datafield>
  <datafield tag="035" ind1=" " ind2=" ">
    <subfield code="a">(NNC)2980346</subfield>
  </datafield>
  <datafield tag="040" ind1=" " ind2=" ">
    <subfield code="a">CUS</subfield>
    <subfield code="c">CUS</subfield>
    <subfield code="d">ZCU</subfield>
  </datafield>
  <datafield tag="090" ind1=" " ind2=" ">
    <subfield code="a">PJ7700.K78</subfield>
    <subfield code="b">A6 1911</subfield>
  </datafield>
  <datafield tag="100" ind1="0" ind2=" ">
    <subfield code="a">Kumayt ibn Zayd al-Asadī,</subfield>
    <subfield code="d">679 or 680-743 or 744.</subfield>
  </datafield>
  <datafield tag="245" ind1="1" ind2="0">
    <subfield code="a">Sharḥ al-Hāshimīyāt li-al-Kumayt ibn Zayd al-Asadī;</subfield>
    <subfield code="b">wa-yalīhi sharḥ mukhtarāt ashʻār al-ʻarab,</subfield>
    <subfield code="c">bi-qalam Muḥammad Maḥmūd al-Rāfiʻī.</subfield>
  </datafield>
  <datafield tag="250" ind1=" " ind2=" ">
    <subfield code="a">Al-ṭabʻah 3.</subfield>
  </datafield>
  <datafield tag="260" ind1=" " ind2=" ">
    <subfield code="a">Cairo,</subfield>
    <subfield code="b">Maṭbaʻat Shirkat al-tamaddun al-ṣināʻīyah,</subfield>
    <subfield code="c">1329 [1911]</subfield>
  </datafield>
  <datafield tag="300" ind1=" " ind2=" ">
    <subfield code="a">124 p.</subfield>
    <subfield code="c">24 cm.</subfield>
  </datafield>
  <datafield tag="500" ind1=" " ind2=" ">
    <subfield code="a">Colophon dated 1912.</subfield>
  </datafield>
  <datafield tag="740" ind1="3" ind2="1">
    <subfield code="a">al-Hāshimīyāt.</subfield>
  </datafield>
  <datafield tag="740" ind1="0" ind2="1">
    <subfield code="a">Sharḥ mukhtārāt ashʻār al-ʻarab.</subfield>
  </datafield>
  <datafield tag="955" ind1=" " ind2=" ">
    <subfield code="b">0036761079</subfield>
    <subfield code="d">glx</subfield>
    <subfield code="e">PJ7700.K78 A6 1911</subfield>
  </datafield>
</record>
</collection>